@inproceedings{rm2018,
  author    = {Rodrigo {Toro Icarte} and
               Toryn Q. Klassen and
               Richard Valenzano and
               Sheila A. McIlraith},
  title     = {Using Reward Machines for High-Level Task Specification and Decomposition in Reinforcement Learning},
  booktitle = {Proceedings of the 35th International Conference on Machine Learning (ICML)},
  year      = {2018},
  url       = {http://proceedings.mlr.press/v80/icarte18a.html},
  url_code  = {https://bitbucket.org/RToroIcarte/qrm},
  pages     = {2112-2121},
  keywords  = {reward machines, reinforcement learning}
}

@inproceedings{rm2019,
  author    = {Camacho, Alberto and Toro Icarte, Rodrigo and Klassen, Toryn Q. and Valenzano, Richard and McIlraith, Sheila A.},
  title     = {{LTL} and Beyond: Formal Languages for Reward Function Specification in Reinforcement Learning},
  booktitle = {Proceedings of the 28th International Joint Conference on Artificial Intelligence (IJCAI)},
  url       = {https://www.ijcai.org/proceedings/2019/0840.pdf},
  year      = {2019},
  pages     = {6065-6073},
  keywords  = {reward machines, LTL, reinforcement learning}
}

@article{rm2022,
  author   = {Rodrigo {Toro Icarte} and
              Toryn Q. Klassen and
              Richard Anthony Valenzano and
              Sheila A. McIlraith},
  title    = {Reward Machines: Exploiting Reward Function Structure in Reinforcement
              Learning},
  journal  = {Journal of Artificial Intelligence Research (JAIR)},
  volume   = {73},
  pages    = {173-208},
  year     = {2022},
  url      = {https://doi.org/10.1613/jair.1.12440},
  url_code = {https://github.com/RodrigoToroIcarte/reward_machines},
  keywords = {reward machines, reinforcement learning}
}